<record><leader>00000cas a2200000 a 4500</leader><controlfield tag="001">11641777</controlfield><controlfield tag="008">850131c19679999cauwr ne      0   a0eng c</controlfield><datafield ind1=" " ind2=" " tag="010"><subfield code="a">sn 85008078 </subfield></datafield><datafield ind1=" " ind2=" " tag="040"><subfield code="a">NSD</subfield><subfield code="b">eng</subfield><subfield code="c">NSD</subfield><subfield code="d">CNK</subfield><subfield code="d">OCLCQ</subfield><subfield code="d">CNK</subfield><subfield code="d">OCLCQ</subfield><subfield code="d">OCLCF</subfield><subfield code="d">OCLCO</subfield></datafield><datafield ind1=" " ind2=" " tag="012"><subfield code="j">1</subfield><subfield code="m">1</subfield></datafield><datafield ind1="1" ind2=" " tag="022"><subfield code="a">8750-4588</subfield><subfield code="l">8750-4588</subfield><subfield code="2">1</subfield></datafield><datafield ind1="1" ind2=" " tag="029"><subfield code="a">AU@</subfield><subfield code="b">000020348121</subfield></datafield><datafield ind1=" " ind2=" " tag="032"><subfield code="a">001619</subfield><subfield code="b">USPS</subfield></datafield><datafield ind1=" " ind2=" " tag="037"><subfield code="b">Los Altos Town Crier, 138 Main st., Los Altos, CA 94022-2905</subfield></datafield><datafield ind1=" " ind2=" " tag="042"><subfield code="a">nsdp</subfield><subfield code="a">pcc</subfield></datafield><datafield ind1="0" ind2=" " tag="130"><subfield code="a">Los Altos town crier (Los Altos, Calif. : 1967)</subfield></datafield><datafield ind1=" " ind2="0" tag="222"><subfield code="a">Los Altos town crier</subfield></datafield><datafield ind1="0" ind2="0" tag="245"><subfield code="a">Los Altos town crier.</subfield></datafield><datafield ind1="1" ind2="7" tag="246"><subfield code="a">Town crier</subfield><subfield code="f">Apr. 5, 1967-</subfield></datafield><datafield ind1=" " ind2=" " tag="260"><subfield code="a">Los Altos, Calif. :</subfield><subfield code="b">Foothill Print. &amp; Pub.</subfield></datafield><datafield ind1=" " ind2=" " tag="300"><subfield code="a">v.</subfield></datafield><datafield ind1=" " ind2=" " tag="310"><subfield code="a">Weekly</subfield></datafield><datafield ind1="0" ind2=" " tag="362"><subfield code="a">Vol. 19, no. 24 (Apr. 5, 1967)-</subfield></datafield><datafield ind1=" " ind2=" " tag="500"><subfield code="a">Imprint varies: Los Altos, CA : Donnelly Newspapers &lt;Nov. 11, 1987-&gt;</subfield></datafield><datafield ind1=" " ind2=" " tag="500"><subfield code="a">Published in Cupertino, Calif., &lt;Jan. 18-Aug. 1978&gt;</subfield></datafield><datafield ind1=" " ind2=" " tag="500"><subfield code="a">Contains special section called "Annual Report: City of Los Altos for the year 1971," Feb. 23, 1972.</subfield></datafield><datafield ind1=" " ind2=" " tag="530"><subfield code="a">Master negatives are available for duplication from:</subfield><subfield code="b">California Newspaper Microfilm Archive;</subfield><subfield code="c">positive copies may be purchased by the reel; for further information consult the CNMA at:</subfield><subfield code="u">http://cbsr.ucr.edu</subfield></datafield><datafield ind1=" " ind2="0" tag="651"><subfield code="a">Los Altos Hills (Calif.)</subfield><subfield code="v">Newspapers.</subfield></datafield><datafield ind1=" " ind2="0" tag="651"><subfield code="a">Mountain View (Calif.)</subfield><subfield code="v">Newspapers.</subfield></datafield><datafield ind1=" " ind2="7" tag="655"><subfield code="a">Newspapers.</subfield><subfield code="2">fast</subfield><subfield code="0">(OCoLC)fst01423814</subfield></datafield><datafield ind1=" " ind2="7" tag="651"><subfield code="a">California</subfield><subfield code="z">Los Altos Hills.</subfield><subfield code="2">fast</subfield><subfield code="0">(OCoLC)fst01216934</subfield></datafield><datafield ind1=" " ind2="7" tag="651"><subfield code="a">California</subfield><subfield code="z">Mountain View.</subfield><subfield code="2">fast</subfield><subfield code="0">(OCoLC)fst01213955</subfield></datafield><datafield ind1=" " ind2=" " tag="752"><subfield code="a">United States</subfield><subfield code="b">California</subfield><subfield code="c">Santa Clara</subfield><subfield code="d">Los Altos.</subfield></datafield><datafield ind1=" " ind2=" " tag="752"><subfield code="a">United States</subfield><subfield code="b">California</subfield><subfield code="c">Santa Clara</subfield><subfield code="d">Cupertino.</subfield></datafield><datafield ind1="0" ind2="0" tag="780"><subfield code="t">Town crier (Los Altos, Calif. : 1963)</subfield><subfield code="w">(DLC)sn 98061634</subfield></datafield><datafield ind1=" " ind2=" " tag="936"><subfield code="a">Vol. 40, no. 45 (Wednesday, Nov. 11, 1987) LIC</subfield></datafield></record>